<?xml version="1.0" encoding="UTF-8"?><record xmlns="http://www.loc.gov/MARC21/slim" xmlns:cinclude="http://apache.org/cocoon/include/1.0" xmlns:zs="http://www.loc.gov/zing/srw/">
  <leader>00689nz  a2200193n  4500</leader>
  <controlfield tag="001">n 2008054203</controlfield>
  <controlfield tag="003">DLC</controlfield>
  <controlfield tag="005">20080811144202.0</controlfield>
  <controlfield tag="008">080808n| acannaabn          |b aaa      </controlfield>
  <datafield tag="010" ind1=" " ind2=" ">
    <subfield code="a">n 2008054203</subfield>
  </datafield>
  <datafield tag="040" ind1=" " ind2=" ">
    <subfield code="a">DLC</subfield>
    <subfield code="b">eng</subfield>
    <subfield code="c">DLC</subfield>
  </datafield>
  <datafield tag="100" ind1="1" ind2=" ">
    <subfield code="a">Wander-Schwartz, Michal</subfield>
  </datafield>
  <datafield tag="400" ind1="1" ind2=" ">
    <subfield code="a">Schwartz, Michal Wander-</subfield>
  </datafield>
  <datafield tag="400" ind1="1" ind2=" ">
    <subfield code="a">Ṿander-Shṿarts, Mikhal</subfield>
  </datafield>
  <datafield tag="400" ind1="1" ind2=" ">
    <subfield code="a">Shṿarts, Mikhal Ṿander-</subfield>
  </datafield>
  <datafield tag="400" ind1="1" ind2=" ">
    <subfield code="a">ונדר-שוורץ, מיכל</subfield>
  </datafield>
  <datafield tag="400" ind1="1" ind2=" ">
    <subfield code="a">שוורץ, מיכל ונדר-</subfield>
  </datafield>
  <datafield tag="667" ind1=" " ind2=" ">
    <subfield code="a">Non-Latin script references not evaluated</subfield>
  </datafield>
  <datafield tag="670" ind1=" " ind2=" ">
    <subfield code="a">Noʻar be-Yiśraʼel, 2005, 2007:</subfield>
    <subfield code="b">t.p. (מיכת ונדר-שוורץ = Mikhal Ṿander-Shṿarts) t.p. verso (Michal Wander-Schwartz [in rom.])</subfield>
  </datafield>
</record>